@book{bimber2005spatial,
	title={Spatial augmented reality: merging real and virtual worlds},
	author={Bimber, Oliver and Raskar, Ramesh},
	year={2005},
	publisher={CRC press},
}